@inproceedings{inproceedings,
author = {Bateman, Georgia and Majumdar, Arnab},
year = {2018},
month = {01},
pages = {},
title = {An Assessment of the Simulation Modeling of Emergency Evacuations in Sports Stadiums}
}

@article{gwynne1999review,
  title={A review of the methodologies used in the computer simulation of evacuation from the built environment},
  author={Gwynne, Steve and Galea, Edward R and Owen, M and Lawrence, Peter J and Filippidis, L},
  journal={Building and environment},
  volume={34},
  number={6},
  pages={741--749},
  year={1999},
  publisher={Elsevier}
}

@book{avery2003emergency,
  title={Emergency/disaster guidelines and procedures for employees},
  author={Avery, William H and Soo, Jamie},
  year={2003},
  publisher={CCH Canadian Limited}
}

@article{lujak2017distributed,
  title={A distributed architecture for real-time evacuation guidance in large smart buildings},
  author={Lujak, Marin and Billhardt, Holger and Dunkel, J{\"u}rgen and Fern{\'a}ndez, Alberto and Hermoso, Ram{\'o}n and Ossowski, Sascha},
  year={2017}
}

@inproceedings{muccini2019iot,
  title={An IoT Software Architecture for an Evacuable Building Architecture},
  author={Muccini, Henry and Arbib, Claudio and Davidsson, Paul and Tourchi Moghaddam, Mahyar},
  booktitle={Proceedings of the 52nd Hawaii International Conference on System Sciences},
  year={2019}
}

@incollection{COPPOLA20151,
title = "Chapter 1 - The Management of Disasters",
editor = "Damon P. Coppola",
booktitle = "Introduction to International Disaster Management (Third Edition)",
publisher = "Butterworth-Heinemann",
edition = "Third Edition",
address = "Boston",
pages = "1 - 39",
year = "2015",
isbn = "978-0-12-801477-6",
doi = "https://doi.org/10.1016/B978-0-12-801477-6.00001-0",
url = "http://www.sciencedirect.com/science/article/pii/B9780128014776000010",
author = "Damon P. Coppola",
keywords = "civil defense, complex humanitarian emergency, disaster, disaster management, disaster trends, emergency management, history of emergency management, mitigation, preparedness response, recovery"
}

@article{hatai1932responses,
  title={The responses of the catfish, Parasilurus asotus, to earthquakes},
  author={Hatai, Shinkishi and Abe, Noboru},
  journal={Proceedings of the Imperial Academy},
  volume={8},
  number={8},
  pages={375--378},
  year={1932},
  publisher={The Japan Academy}
}

@article{ikeya1996ground,
  title={Ground electric field effects on rats and sparrows: Seismic anomalous animal behaviors (SAABs)},
  author={Ikeya, Motoji and Furuta, Hiroshi and Kajiwara, Naemi and Anzai, Hiroko},
  journal={Japanese journal of applied physics},
  volume={35},
  number={8R},
  pages={4587},
  year={1996},
  publisher={IOP Publishing}
}

@article{article,
author = {Bhargava, Neeti and Katiyar, V and Sharma, Mukat and Pradhan, P},
year = {2009},
month = {01},
pages = {},
title = {Earthquake Prediction through Animal Behavior: A Review},
volume = {7â€“8},
journal = {Indian Journal of Biomechanics: Special Issue}
}

@incollection{COPPOLA2015224,
title = "Chapter 4 - Mitigation",
editor = "Damon P. Coppola",
booktitle = "Introduction to International Disaster Management (Third Edition)",
publisher = "Butterworth-Heinemann",
edition = "Third Edition",
address = "Boston",
pages = "224 - 274",
year = "2015",
isbn = "978-0-12-801477-6",
doi = "https://doi.org/10.1016/B978-0-12-801477-6.00004-6",
url = "http://www.sciencedirect.com/science/article/pii/B9780128014776000046",
author = "Damon P. Coppola",
keywords = "assessing and selecting mitigation options, barrier, deflection, and retention systems, hazard resistant construction, mitigation, nonstructural mitigation, public education, relocation, risk acceptance, risk avoidance, risk perception, risk reduction, risk transfer, structural mitigation, structural modification"
}


@article{kobes2010way,
  title={Way finding during fire evacuation; an analysis of unannounced fire drills in a hotel at night},
  author={Kobes, Margrethe and Helsloot, Ira and De Vries, Bauke and Post, Jos G and Oberij{\'e}, Nancy and Groenewegen, Karin},
  journal={Building and Environment},
  volume={45},
  number={3},
  pages={537--548},
  year={2010},
  publisher={Elsevier}
}


@inproceedings{cho2014application,
  title={Application of dijkstra's algorithm in the smart exit sign},
  author={Cho, Jehyun and Lee, Ghang and Won, Jongsung and Ryu, Eunseo},
  booktitle={ISARC. Proceedings of the International Symposium on Automation and Robotics in Construction},
  volume={31},
  pages={1},
  year={2014},
  organization={IAARC Publications}
}


@inproceedings{Annadata:2016:PDT:3004010.3004019,
 author = {Annadata, Prasad and Eltarjaman, Wisam and Thurimella, Ramakrishna},
 title = {Person Detection Techniques for an IoT Based Emergency Evacuation Assistance System},
 booktitle = {Adjunct Proceedings of the 13th International Conference on Mobile and Ubiquitous Systems: Computing Networking and Services},
 series = {MOBIQUITOUS 2016},
 year = {2016},
 isbn = {978-1-4503-4759-4},
 location = {Hiroshima, Japan},
 pages = {77--82},
 numpages = {6},
 url = {http://doi.acm.org/10.1145/3004010.3004019},
 doi = {10.1145/3004010.3004019},
 acmid = {3004019},
 publisher = {ACM},
 address = {New York, NY, USA},
 keywords = {Emergency Evacuation, Human Safety, Internet of Things, IoT, Mobile ad hoc Networks, Privacy, Security},
}